<?xml version="1.0" encoding="UTF-8"?>
<record xmlns="http://www.loc.gov/MARC21/slim">
   <leader>01319cam a2200277Ma 4500</leader>
   <controlfield tag="001">2761805</controlfield>
   <controlfield tag="003">NjP</controlfield>
   <controlfield tag="005">20190705144727.0</controlfield>
   <controlfield tag="008">840410m19399999iq            000 0 araod</controlfield>
   <datafield tag="024" ind1="7" ind2=" ">
      <subfield code="a">princeton_aco004371</subfield>
      <subfield code="2">local</subfield>
   </datafield>
   <datafield ind1=" " ind2=" " tag="040">
      <subfield code="a">EYM</subfield>
      <subfield code="c">PUL</subfield>
      <subfield code="d">PUL</subfield>
   </datafield>
   <datafield ind1=" " ind2=" " tag="035">
      <subfield code="9">CNF6621TS</subfield>
   </datafield>
   <datafield ind1=" " ind2=" " tag="035">
      <subfield code="a">(NjP)2761805</subfield>
   </datafield>
   <datafield ind1=" " ind2="4" tag="050">
      <subfield code="a">BP187</subfield>
      <subfield code="b">.K23</subfield>
   </datafield>
   <datafield ind1=" " ind2=" " tag="049">
      <subfield code="a">PULL</subfield>
   </datafield>
   <datafield ind1=" " ind2=" " tag="035">
      <subfield code="a">(OCoLC)ocm23497448</subfield>
   </datafield>
   <datafield ind1="1" ind2=" " tag="100">
      <subfield code="6">880-01</subfield>
      <subfield code="a">Kāẓimī, Muḥammad Mahdī,</subfield>
      <subfield code="d">1901-</subfield>
   </datafield>
   <datafield ind1="1" ind2="0" tag="245">
      <subfield code="6">880-02</subfield>
      <subfield code="a">Muʻjam al-qubūr :</subfield>
      <subfield code="b">kitāb yabḥath ʻan qubūr al-anbiyā' wa-al-a'immah al-maʻṣūmīn wa-ʻan qubūr awlādihim wa-awlād awlādihim /</subfield>
      <subfield code="c">[ta'līf] Muḥammad Mahdī al-Musāwī al-Iṣfahānī al-Kāẓīmī.</subfield>
   </datafield>
   <datafield ind1=" " ind2=" " tag="260">
      <subfield code="6">880-03</subfield>
      <subfield code="a">Baghdād :</subfield>
      <subfield code="b">Maṭbaʻat al-Najāḥ,</subfield>
      <subfield code="c">1939</subfield>
   </datafield>
   <datafield ind1=" " ind2=" " tag="300">
      <subfield code="a">v. ;</subfield>
      <subfield code="c">23 cm.</subfield>
   </datafield>
   <datafield ind1=" " ind2="0" tag="650">
      <subfield code="a">Shrines</subfield>
      <subfield code="0">http://id.loc.gov/authorities/subjects/sh85122135</subfield>
   </datafield>
   <datafield ind1="1" ind2=" " tag="880">
      <subfield code="6">100-01/r</subfield>
      <subfield code="a">كاظمي، محمد مهدي،</subfield>
      <subfield code="d">1901-</subfield>
   </datafield>
   <datafield ind1="1" ind2="0" tag="880">
      <subfield code="6">245-02/r</subfield>
      <subfield code="a">معجم القبور :</subfield>
      <subfield code="b">كتاب يبحث عن قبور الانبياء والأئمة المعصومين وعن قبور اولادهم واولاد اولادهم /</subfield>
      <subfield code="c">[تأليف] محمد مهدي المساوي الاصفهاني الكاظيمي.</subfield>
   </datafield>
   <datafield ind1=" " ind2=" " tag="880">
      <subfield code="6">260-03/r</subfield>
      <subfield code="a">بغداد :</subfield>
      <subfield code="b">مطبعة النجاح،</subfield>
      <subfield code="c">1939</subfield>
   </datafield>
   <datafield ind1=" " ind2=" " tag="911">
      <subfield code="a">20000130</subfield>
   </datafield>
   <datafield ind1=" " ind2=" " tag="994">
      <subfield code="a">C0</subfield>
      <subfield code="b">PUL</subfield>
   </datafield>
   <datafield ind1=" " ind2=" " tag="999">
      <subfield code="a">2761805</subfield>
   </datafield>
   <datafield ind1=" " ind2=" " tag="979">
      <subfield code="a">(OCoLC)ocn178308677</subfield>
   </datafield>
   <datafield ind1="8" ind2=" " tag="852">
      <subfield code="0">3072587</subfield>
      <subfield code="b">rcppa</subfield>
      <subfield code="t">1</subfield>
      <subfield code="h">2271.5083.64.366</subfield>
      <subfield code="x">tr fr f</subfield>
   </datafield>
   <datafield ind1=" " ind2="0" tag="866">
      <subfield code="0">3072587</subfield>
      <subfield code="a">v. 1</subfield>
   </datafield>
   <datafield ind1=" " ind2=" " tag="959">
      <subfield code="a">2011-01-05 12:57:42 -0500</subfield>
   </datafield>
</record>
